<?xml version="1.0" encoding="UTF-8"?><collection xmlns="http://www.loc.gov/MARC21/slim"><record><leader>00400nam--2200145-i-4500</leader><controlfield tag="001">000042483</controlfield><controlfield tag="002">20161230</controlfield><controlfield tag="005">20161230201043</controlfield><controlfield tag="008">060222s1000------------r-----000-0-eng-d</controlfield><datafield ind1=" " ind2=" " tag="080"><subfield code="a">518.1</subfield></datafield><datafield ind1=" " ind2=" " tag="100"><subfield code="a">Spiengel,Murray R</subfield></datafield><datafield ind1=" " ind2=" " tag="245"><subfield code="a">Schaum`s outline of theory and problems of advanced calculus</subfield></datafield><datafield ind1=" " ind2=" " tag="260"><subfield code="a">New York,Mcgraw-hil Book C.,1963. 348 P</subfield></datafield><datafield ind1=" " ind2=" " tag="490"><subfield code="a">Schaum`S Outline Series</subfield></datafield><datafield ind1=" " ind2=" " tag="852"><subfield code="a">30763</subfield></datafield></record></collection>